@ARTICLE{borde_et_al_2014,
   author = {{Borde}, A. and {Palanque-Delabrouille}, N. and {Rossi}, G. and
    {Viel}, M. and {Bolton}, J. and {Y{\`e}che}, C. and {LeGoff}, J.-M. and
    {Rich}, J.},
    title = "{New approach for precise computation of Lyman-alpha forest power spectrum with hydrodynamical simulations}",
  journal = {ArXiv e-prints},
archivePrefix = "arXiv",
   eprint = {1401.6472},
 primaryClass = "astro-ph.CO",
 keywords = {Astrophysics - Cosmology and Extragalactic Astrophysics},
     year = 2014,
    month = jan,
   adsurl = {http://adsabs.harvard.edu/abs/2014arXiv1401.6472B},
  adsnote = {Provided by the SAO/NASA Astrophysics Data System}
}

@ARTICLE{mcdonald_et_al_2005b,
   author = {{McDonald}, P. and {Seljak}, U. and {Cen}, R. and {Shih}, D. and
  {Weinberg}, D.~H. and {Burles}, S. and {Schneider}, D.~P. and
  {Schlegel}, D.~J. and {Bahcall}, N.~A. and {Briggs}, J.~W. and
  {Brinkmann}, J. and {Fukugita}, M. and {Ivezi{\'c}}, {\v Z}. and
  {Kent}, S. and {Vanden Berk}, D.~E.},
    title = "{The Linear Theory Power Spectrum from the Ly{$\alpha$} Forest in the Sloan Digital Sky Survey}",
  journal = {\apj},
   eprint = {astro-ph/0407377},
 keywords = {Cosmology: Theory, Galaxies: Intergalactic Medium, Cosmology: Large-Scale Structure of Universe, Galaxies: Quasars: Absorption Lines},
     year = 2005,
    month = dec,
   volume = 635,
    pages = {761-783},
      doi = {10.1086/497563},
   adsurl = {http://adsabs.harvard.edu/abs/2005ApJ...635..761M},
  adsnote = {Provided by the SAO/NASA Astrophysics Data System}
}
